{"path_per_floor":["M","?","$","?","?","E","$","R","T","R","M","T","?","M","R","B",null,"M","M","$","?","?","R","E","M","T","R","M","?","R","M","R","B",null,"M","?","M","?","M","E","R","M","T","E","?","M","M","T","R","B"],"character_chosen":"IRONCLAD","items_purchased":["Flame Barrier","Limit Break","Bronze Scales"],"gold_per_floor":[118,118,9,84,259,294,32,32,32,32,42,42,42,59,59,159,159,175,186,37,37,37,37,69,89,141,141,154,154,154,166,166,261,261,272,272,291,291,306,336,336,349,349,378,428,445,460,507,507,507],"floor_reached":51,"campfire_rested":6,"playtime":1783,"current_hp_per_floor":[80,80,80,69,69,6,6,30,30,54,54,54,54,61,61,12,80,80,71,71,71,71,71,46,30,30,54,47,32,57,41,66,29,85,61,50,36,36,74,68,68,77,77,86,95,95,56,63,93,44],"items_purged":["Defend_R","Doubt"],"gold":507,"score":675,"play_id":"a68bac19-813a-46a8-91d8-ef17437b91ae","local_time":"20180322164559","is_prod":false,"is_daily":false,"is_ascension_mode":true,"campfire_upgraded":0,"timestamp":1521733559,"path_taken":["M","?","$","?","?","E","?","R","T","R","?","?","?","M","R","BOSS","M","?","$","?","?","R","E","M","T","R","M","?","R","M","R","BOSS","M","?","M","?","M","E","R","M","T","E","?","?","M","?","R","BOSS"],"build_version":"2018-03-01-PROD1","purchased_purges":3,"victory":true,"master_deck":["Strike_R+1","Strike_R+1","Strike_R+1","Defend_R+1","Defend_R+1","Bash","Perfected Strike+1","Intimidate+1","Reaper+1","Flex","Flame Barrier","Limit Break+1","Inflame","Spot Weakness","Offering","Heavy Blade","Clothesline","Limit Break","Flex","Madness","Madness","Inflame+1","Pummel+1"],"max_hp_per_floor":[80,80,80,80,80,80,80,80,80,80,80,80,80,80,80,80,80,80,80,80,80,80,80,80,80,80,80,80,85,85,85,85,85,85,85,85,85,85,85,95,95,95,95,95,95,95,95,102,102,102],"relics":["Astrolabe","Ancient Tea Set","Ginger","Girya","Lizard Tail","Bronze Scales","Self Forming Clay","Happy Flower","Runic Pyramid","Pear","Magic Flower","Paper Frog","Torii","Strawberry"],"card_choices":[{"not_picked":["Perfected Strike","Wild Strike"],"picked":"Flex"},{"not_picked":["Clash","Shrug It Off"],"picked":"Inflame"},{"not_picked":["Shockwave","Infernal Blade"],"picked":"Spot Weakness"},{"not_picked":["Immolate","Feed"],"picked":"Offering"},{"not_picked":["Intimidate","Pommel Strike"],"picked":"Heavy Blade"},{"not_picked":["Cleave","Sword Boomerang"],"picked":"Clothesline"},{"not_picked":["Power Through","Metallicize"],"picked":"Limit Break"},{"not_picked":["Headbutt","Hemokinesis"],"picked":"Flex"},{"not_picked":["Rage","Burning Pact"],"picked":"Inflame"},{"not_picked":["Twin Strike","Iron Wave"],"picked":"Pummel"}],"player_experience":33585,"potions_floor_usage":[45,50,50],"damage_taken":[{"damage":0.0,"enemies":"Cultist","floor":1.0,"turns":3.0},{"damage":63.0,"enemies":"Lagavulin","floor":6.0,"turns":10.0},{"damage":0.0,"enemies":"2 Louse","floor":11.0,"turns":1.0},{"damage":7.0,"enemies":"Small Slimes","floor":14.0,"turns":5.0},{"damage":64.0,"enemies":"The Guardian","floor":16.0,"turns":11.0},{"damage":21.0,"enemies":"2 Thieves","floor":18.0,"turns":4.0},{"damage":9.0,"enemies":"Spheric Guardian","floor":19.0,"turns":3.0},{"damage":25.0,"enemies":"Book of Stabbing","floor":24.0,"turns":4.0},{"damage":16.0,"enemies":"3 Cultists","floor":25.0,"turns":4.0},{"damage":7.0,"enemies":"Snecko","floor":28.0,"turns":3.0},{"damage":16.0,"enemies":"Sentry and Sphere","floor":31.0,"turns":4.0},{"damage":52.0,"enemies":"Automaton","floor":33.0,"turns":8.0},{"damage":24.0,"enemies":"3 Shapes","floor":35.0,"turns":5.0},{"damage":14.0,"enemies":"Orb Walker","floor":37.0,"turns":3.0},{"damage":21.0,"enemies":"4 Shapes","floor":39.0,"turns":4.0},{"damage":16,"enemies":"Nemesis","floor":40,"turns":3},{"damage":22,"enemies":"3 Darklings","floor":42,"turns":3},{"damage":13,"enemies":"Giant Head","floor":44,"turns":4},{"damage":11,"enemies":"Sphère mystérieuse","floor":45,"turns":5},{"damage":25,"enemies":"Maw","floor":46,"turns":6},{"damage":39,"enemies":"Sphere and 2 Shapes","floor":47,"turns":3},{"damage":98,"enemies":"Donu and Deca","floor":50,"turns":7}],"event_choices":[{"event_name":"Match and Keep!","player_choice":"0 cards matched","floor":2.0,"damage_taken":0.0},{"event_name":"World of Goop","player_choice":"Gather Gold","floor":4.0,"damage_taken":0.0},{"event_name":"Liars Game","player_choice":"agreed","floor":5.0,"damage_taken":0.0},{"event_name":"The Lab","player_choice":"Got Potions","floor":13.0,"damage_taken":0.0},{"event_name":"Back to Basics","player_choice":"Simplicity","floor":21.0,"damage_taken":0.0},{"event_name":"Upgrade Shrine","player_choice":"Upgraded","floor":22.0,"damage_taken":0.0},{"event_name":"Forgotten Altar","player_choice":"Shed Blood","floor":29.0,"damage_taken":0.0},{"event_name":"Winding Halls","player_choice":"Embrace Madness","floor":36.0,"damage_taken":0.0},{"event_name":"The Moai Head","player_choice":"Ignored","floor":38.0,"damage_taken":0.0},{"event_name":"Mysterious Sphere","player_choice":"Fight","floor":45,"damage_taken":0}],"boss_relics":[],"potions_floor_spawned":[14,18,19,31,39,40,42],"seed_played":"7330746794763892514","ascension_level":1,"is_trial":false}