{"path_per_floor":["M","?","$","?","?","E","R","M","T","$","M","E","M","$","R","B",null,"M","?","?","M","M","R"],"character_chosen":"IRONCLAD","items_purchased":[],"gold_per_floor":[112,112,37,112,112,147,147,166,166,66,86,112,126,1,1,98,98,111,211,211,231,250,250],"floor_reached":24,"campfire_rested":2,"playtime":10836,"current_hp_per_floor":[80,80,80,69,62,33,57,63,63,63,69,48,54,54,54,19,80,71,71,71,33,14,38],"items_purged":["Defend_R","Strike_R","Strike_R"],"gold":250,"score":235,"play_id":"390a6219-f8b7-46aa-b303-7748653211ec","local_time":"20180322215617","is_prod":false,"is_daily":false,"is_ascension_mode":true,"campfire_upgraded":1,"timestamp":1521752177,"path_taken":["M","?","$","?","?","E","R","M","T","$","?","E","M","$","R","BOSS","M","?","?","M","M","R","E"],"build_version":"2018-03-01-PROD1","purchased_purges":3,"victory":false,"master_deck":["Strike_R","Strike_R","Strike_R","Defend_R","Defend_R","Defend_R","Bash","Anger","Rampage+1","Blood for Blood","Infernal Blade","Reaper","Rage+1","Carnage"],"max_hp_per_floor":[80,80,80,80,80,80,80,80,80,80,80,80,80,80,80,80,80,80,80,80,80,80,80],"relics":["Burning Blood","Lantern","Self Forming Clay","Bag of Preparation","Sundial","Bag of Marbles","Mark of Pain"],"card_choices":[{"not_picked":["Pommel Strike","Carnage"],"picked":"Anger"},{"not_picked":["Pummel","Pommel Strike"],"picked":"Rampage"},{"not_picked":["Pommel Strike","Twin Strike"],"picked":"Blood for Blood"},{"not_picked":["Clash","Clothesline"],"picked":"Infernal Blade"},{"not_picked":["Bludgeon","Barricade"],"picked":"Reaper"},{"not_picked":["Clash","Clothesline"],"picked":"Rage"},{"not_picked":["Corruption","Hemokinesis"],"picked":"Carnage"}],"player_experience":38707,"potions_floor_usage":[16,16,21],"damage_taken":[{"damage":3,"enemies":"2 Louse","floor":1,"turns":3},{"damage":35,"enemies":"3 Sentries","floor":6,"turns":10},{"damage":0,"enemies":"Jaw Worm","floor":8,"turns":3},{"damage":0,"enemies":"Small Slimes","floor":11,"turns":2},{"damage":27,"enemies":"Lagavulin","floor":12,"turns":5},{"damage":0,"enemies":"Looter","floor":13,"turns":1},{"damage":41,"enemies":"The Guardian","floor":16,"turns":7},{"damage":15,"enemies":"Shell Parasite","floor":18,"turns":3},{"damage":44,"enemies":"Spheric Guardian","floor":21,"turns":6},{"damage":37,"enemies":"Centurion and Healer","floor":22,"turns":6},{"damage":40,"enemies":"Gremlin Leader","floor":24,"turns":2}],"event_choices":[{"event_name":"Shining Light","player_choice":"Ignored","floor":2,"damage_taken":0},{"event_name":"World of Goop","player_choice":"Gather Gold","floor":4,"damage_taken":0},{"event_name":"Scrap Ooze","player_choice":"success","floor":5,"damage_taken":7},{"event_name":"Golden Shrine","player_choice":"Pray","floor":19,"damage_taken":0},{"event_name":"Upgrade Shrine","player_choice":"Upgraded","floor":20,"damage_taken":0}],"boss_relics":[{"not_picked":["Ectoplasm","Astrolabe"],"picked":"Mark of Pain"}],"potions_floor_spawned":[12,13,16],"seed_played":"5737079912600274671","killed_by":"Gremlin Leader","ascension_level":3,"is_trial":false}