{"path_per_floor":["M","?","?","?","M","E","M","$","T","M","M","R","M","E","R","B",null,"M","?","$","?","M"],"character_chosen":"IRONCLAD","items_purchased":["Self Forming Clay","Whirlwind","Lantern"],"gold_per_floor":[112,112,212,212,231,258,275,19,46,57,76,76,88,122,122,227,227,246,246,8,8,24],"floor_reached":23,"campfire_rested":2,"playtime":1406,"current_hp_per_floor":[80,80,80,73,65,48,49,49,49,50,40,64,56,37,61,21,80,52,52,52,52,39],"items_purged":[],"gold":24,"score":231,"play_id":"0966d6cf-f0ed-40af-97b6-799d26504ebf","is_prod":false,"is_daily":false,"is_ascension_mode":true,"campfire_upgraded":0,"path_taken":["M","?","?","?","?","E","M","$","T","M","M","R","M","E","R","BOSS","M","?","$","?","M","E"],"build_version":"2018-02-22-PROD1","purchased_purges":0,"victory":false,"master_deck":["Strike_R","Strike_R","Strike_R","Strike_R","Strike_R","Defend_R","Defend_R","Defend_R","Bash","Inflame","Pommel Strike","Double Tap","Flex","Flame Barrier","Demon Form+1","Whirlwind"],"max_hp_per_floor":[80,80,80,80,80,80,80,80,80,80,80,80,80,80,80,80,80,80,80,80,80,80],"relics":["Burning Blood","Frozen Egg 2","Blood Vial","Self Forming Clay","Prayer Wheel","Mercury Hourglass","Runic Cube","Lantern"],"card_choices":[{"not_picked":["Anger","Rage"],"picked":"Inflame"},{"not_picked":["Body Slam","Brutality"],"picked":"Pommel Strike"},{"not_picked":["Twin Strike","Clash"],"picked":"Double Tap"},{"not_picked":["Body Slam","True Grit"],"picked":"Flex"},{"not_picked":["Rupture","Clash"],"picked":"Flame Barrier"},{"not_picked":["Dark Embrace","Juggernaut"],"picked":"Demon Form"}],"player_experience":52914,"potions_floor_usage":[6,14,16,16,18,23],"damage_taken":[{"damage":1,"enemies":"Cultist","floor":1,"turns":3},{"damage":14,"enemies":"Small Slimes","floor":5,"turns":4},{"damage":23,"enemies":"Gremlin Nob","floor":6,"turns":4},{"damage":7,"enemies":"Jaw Worm","floor":7,"turns":3},{"damage":7,"enemies":"2 Fungi Beasts","floor":10,"turns":3},{"damage":18,"enemies":"Lots of Slimes","floor":11,"turns":4},{"damage":16,"enemies":"3 Louse","floor":13,"turns":3},{"damage":27,"enemies":"Lagavulin","floor":14,"turns":5},{"damage":48,"enemies":"The Guardian","floor":16,"turns":9},{"damage":34,"enemies":"Shell Parasite","floor":18,"turns":5},{"damage":21,"enemies":"2 Thieves","floor":22,"turns":3},{"damage":53,"enemies":"Gremlin Leader","floor":23,"turns":5}],"event_choices":[{"event_name":"Liars Game","player_choice":"disagreed","floor":2,"damage_taken":0},{"event_name":"Golden Shrine","player_choice":"Pray","floor":3,"damage_taken":0},{"event_name":"Scrap Ooze","player_choice":"success","floor":4,"damage_taken":7},{"event_name":"Back to Basics","player_choice":"Elegance","floor":19,"damage_taken":0},{"event_name":"Beggar","player_choice":"Ignored","floor":21,"damage_taken":0}],"boss_relics":[{"not_picked":["Lizard Tail","Ectoplasm"],"picked":"Runic Cube"}],"potions_floor_spawned":[1,7,11,13,14,22],"seed_played":"4490276859655632927","killed_by":"Gremlin Leader","ascension_level":3,"is_trial":false}