{"path_per_floor":["M","?","M","M","M","R","E","R","T","E","R","M","E","?","R","B",null,"M","$","M","?","$","E","R","M","T","?","M","R","M","M","R"],"character_chosen":"IRONCLAD","items_purchased":["Flex","Gremlin Horn"],"gold_per_floor":[110,110,125,138,151,151,186,186,209,244,244,258,286,286,286,388,388,400,29,43,43,43,74,74,90,90,90,101,101,116,133,133],"floor_reached":33,"campfire_rested":4,"playtime":1624,"current_hp_per_floor":[70,70,63,50,39,64,27,53,53,39,66,62,41,21,50,21,98,89,89,73,73,73,65,65,63,63,47,52,52,52,54,54],"items_purged":["Defend_R"],"gold":133,"score":337,"play_id":"d4988210-a64b-47e9-bcc5-240f0cc0c0d7","local_time":"20180316202834","is_prod":false,"is_daily":false,"is_ascension_mode":false,"campfire_upgraded":3,"timestamp":1521228514,"path_taken":["M","?","?","M","M","R","E","R","T","E","R","M","E","?","R","BOSS","M","$","M","?","$","E","R","M","T","?","M","R","M","M","R","BOSS"],"build_version":"2018-03-01-PROD1","purchased_purges":1,"victory":false,"master_deck":["Strike_R","Strike_R+1","Strike_R","Strike_R","Defend_R+1","Defend_R+1","Defend_R","Bash","Bash","Combust","Feed+1","Clothesline","Spot Weakness","Bloodletting","Double Tap+1","Offering","Flex+1","Perfected Strike+1","Pommel Strike+1","Heavy Blade+1","Headbutt"],"max_hp_per_floor":[80,80,80,83,86,86,89,89,89,92,92,95,98,98,98,98,98,102,102,102,102,102,106,106,110,110,110,114,114,114,114,114],"relics":["Runic Pyramid","Matryoshka","Orichalcum","War Paint","Gambling Chip","Charon\u0027s Ashes","Sozu","Gremlin Horn","Meat on the Bone","Vajra","Regal Pillow","Enchiridion"],"card_choices":[{"not_picked":["Reaper","Anger"],"picked":"Clothesline"},{"not_picked":["Perfected Strike","Entrench"],"picked":"Spot Weakness"},{"not_picked":["Clash","Heavy Blade"],"picked":"Bloodletting"},{"not_picked":["Blood for Blood","Anger"],"picked":"Double Tap"},{"not_picked":["Double Tap","Feed"],"picked":"Offering"},{"not_picked":["Iron Wave","Clothesline"],"picked":"Perfected Strike"},{"not_picked":["Perfected Strike","Clash"],"picked":"Pommel Strike"},{"not_picked":["Sword Boomerang","Clothesline"],"picked":"Heavy Blade"},{"not_picked":["Anger","Seeing Red"],"picked":"Headbutt"}],"player_experience":13915,"potions_floor_usage":[7,16,23],"damage_taken":[{"damage":10,"enemies":"2 Louse","floor":1,"turns":3},{"damage":7,"enemies":"Cultist","floor":3,"turns":3},{"damage":16,"enemies":"Jaw Worm","floor":4,"turns":4},{"damage":14,"enemies":"Blue Slaver","floor":5,"turns":3},{"damage":40,"enemies":"Lagavulin","floor":7,"turns":6},{"damage":17,"enemies":"3 Sentries","floor":10,"turns":7},{"damage":7,"enemies":"3 Louse","floor":12,"turns":3},{"damage":24,"enemies":"Lagavulin","floor":13,"turns":5},{"damage":29,"enemies":"Slime Boss","floor":16,"turns":6},{"damage":13,"enemies":"Shell Parasite","floor":18,"turns":3},{"damage":16,"enemies":"Spheric Guardian","floor":20,"turns":4},{"damage":12,"enemies":"Book of Stabbing","floor":23,"turns":3},{"damage":6,"enemies":"Centurion and Healer","floor":25,"turns":2},{"damage":11,"enemies":"3 Cultists","floor":28,"turns":3},{"damage":12,"enemies":"Chosen and Byrds","floor":30,"turns":4},{"damage":10,"enemies":"Snake Plant","floor":31,"turns":2},{"damage":68,"enemies":"Automaton","floor":33,"turns":6}],"event_choices":[{"event_name":"Match and Keep!","player_choice":"3 cards matched","floor":2,"damage_taken":0},{"event_name":"Shining Light","player_choice":"Entered Light","floor":14,"damage_taken":0},{"event_name":"Back to Basics","player_choice":"Elegance","floor":21,"damage_taken":0},{"event_name":"Cursed Tome","player_choice":"Obtained Book","floor":27,"damage_taken":0}],"boss_relics":[{"not_picked":["Ectoplasm","Runic Cube"],"picked":"Sozu"}],"potions_floor_spawned":[1,13,16,28,30],"seed_played":"-9039780577260373653","killed_by":"Automaton","ascension_level":0,"is_trial":false}