{"path_per_floor":["M","?","?","M","$","E","M","E","T","R","$","?","M","E","R","B",null,"M","M","?","$","M","R","M","?","T","R","T","?","$","M","R","B",null,"M","?","M","?","M","E","R","T","T","M","M","R","M","$","R","B"],"character_chosen":"IRONCLAD","items_purchased":["Orichalcum"],"gold_per_floor":[109,109,109,120,45,78,92,126,126,126,26,26,41,70,70,168,168,168,168,168,168,168,168,168,168,168,168,168,168,19,19,19,19,19,19,19,19,19,19,19,19,19,19,19,19,19,19,19,19,19],"floor_reached":51,"campfire_rested":8,"playtime":2025,"current_hp_per_floor":[79,79,79,77,77,53,47,27,27,51,51,44,34,20,44,8,80,68,47,47,47,33,57,50,34,34,58,58,58,58,45,69,53,80,71,71,59,59,35,5,29,29,29,21,9,33,14,14,38,60],"items_purged":["Strike_R","Strike_R"],"gold":19,"score":622,"play_id":"2aa3a92f-621e-4867-9223-538368793d7b","local_time":"20180322173154","is_prod":false,"is_daily":false,"is_ascension_mode":true,"campfire_upgraded":0,"timestamp":1521736314,"path_taken":["M","?","?","M","$","E","M","E","T","R","$","?","M","E","R","BOSS","M","M","?","$","M","R","M","?","T","R","?","?","$","?","R","BOSS","M","?","M","?","?","E","R","?","T","M","M","R","M","$","R","BOSS"],"build_version":"2018-03-01-PROD1","purchased_purges":2,"victory":true,"master_deck":["Strike_R","Strike_R","Strike_R","Defend_R","Defend_R","Bash","Rampage+1","Flame Barrier","Exhume","Flex","Demon Form","Demon Form","Heavy Blade+1","Carnage+1","Shockwave+1","Normality","Impervious"],"max_hp_per_floor":[80,80,80,80,80,80,80,80,80,80,80,80,80,80,80,80,80,80,80,80,80,80,80,80,80,80,80,80,80,80,80,80,80,80,80,80,80,80,80,80,80,80,80,80,80,80,80,80,80,80],"relics":["Snecko Eye","Calipers","Molten Egg 2","Ice Cream","Prayer Wheel","Ectoplasm","Nilry\u0027s Codex","Frozen Eye","Ginger","Dodecahedron","Orichalcum","Sozu","Mercury Hourglass","Paper Frog","Girya"],"card_choices":[{"not_picked":["Shrug It Off","Perfected Strike"],"picked":"Rampage"},{"not_picked":["Perfected Strike","Iron Wave"],"picked":"Flame Barrier"},{"not_picked":["Juggernaut","Shrug It Off"],"picked":"Flex"},{"not_picked":["Shrug It Off","Heavy Blade"],"picked":"Exhume"},{"not_picked":["Clash","Thunderclap"],"picked":"Flex"},{"not_picked":["Berserk","Reaper"],"picked":"Demon Form"},{"not_picked":["Clothesline","True Grit"],"picked":"Heavy Blade"},{"not_picked":["Dual Wield","Headbutt"],"picked":"Carnage"},{"not_picked":["Second Wind","Armaments"],"picked":"Shockwave"},{"not_picked":["Exhume","Reaper"],"picked":"Impervious"}],"player_experience":35842,"potions_floor_usage":[47],"damage_taken":[{"damage":1.0,"enemies":"Cultist","floor":1.0,"turns":3.0},{"damage":2.0,"enemies":"Jaw Worm","floor":4.0,"turns":3.0},{"damage":24.0,"enemies":"Lagavulin","floor":6.0,"turns":4.0},{"damage":6.0,"enemies":"2 Louse","floor":7.0,"turns":3.0},{"damage":20.0,"enemies":"Gremlin Nob","floor":8.0,"turns":4.0},{"damage":10.0,"enemies":"Lots of Slimes","floor":13.0,"turns":3.0},{"damage":14.0,"enemies":"3 Sentries","floor":14.0,"turns":8.0},{"damage":36.0,"enemies":"The Guardian","floor":16.0,"turns":9.0},{"damage":12.0,"enemies":"Chosen","floor":18.0,"turns":5.0},{"damage":21.0,"enemies":"3 Byrds","floor":19.0,"turns":4.0},{"damage":14.0,"enemies":"Snecko","floor":22.0,"turns":4.0},{"damage":7.0,"enemies":"Centurion and Healer","floor":24.0,"turns":4.0},{"damage":13.0,"enemies":"Snake Plant","floor":31.0,"turns":4.0},{"damage":16.0,"enemies":"Champ","floor":33.0,"turns":5.0},{"damage":9.0,"enemies":"3 Darklings","floor":35.0,"turns":3.0},{"damage":12.0,"enemies":"Orb Walker","floor":37.0,"turns":3.0},{"damage":24.0,"enemies":"4 Shapes","floor":39.0,"turns":5.0},{"damage":30.0,"enemies":"2 Orb Walkers","floor":40.0,"turns":5.0},{"damage":8.0,"enemies":"Maw","floor":44.0,"turns":5.0},{"damage":12.0,"enemies":"3 Darklings","floor":45.0,"turns":4.0},{"damage":19,"enemies":"Sphere and 2 Shapes","floor":47,"turns":5},{"damage":77,"enemies":"Awakened One","floor":50,"turns":8}],"event_choices":[{"event_name":"Upgrade Shrine","player_choice":"Upgraded","floor":2.0,"damage_taken":0.0},{"event_name":"Purifier","player_choice":"One Purge","floor":3.0,"damage_taken":0.0},{"event_name":"Golden Wing","player_choice":"Card Removal","floor":12.0,"damage_taken":0.0},{"event_name":"Duplicator","player_choice":"One dupe","floor":20.0,"damage_taken":0.0},{"event_name":"Cursed Tome","player_choice":"Obtained Book","floor":25.0,"damage_taken":0.0},{"event_name":"Accursed Blacksmith","player_choice":"Rummage","floor":29.0,"damage_taken":0.0},{"event_name":"Mysterious Sphere","player_choice":"Ignore","floor":36.0,"damage_taken":0.0}],"boss_relics":[],"potions_floor_spawned":[8,13,14,16,19,22,39,45],"seed_played":"5933522511438983010","ascension_level":2,"is_trial":false}