{"path_per_floor":["M","M","?","M","M","R","?","E","T","M","M","R","E","M","R","B",null,"M","$","?","$","M","R","E","R","T","?","M","?","M","M","R","B",null,"M","?","$","M","?","R","E","M","T","M","?","R","M","M","R","B"],"character_chosen":"IRONCLAD","items_purchased":["Bludgeon","Meat on the Bone","Spot Weakness","Toxic Egg 2"],"gold_per_floor":[109,123,103,114,124,124,124,151,151,163,174,174,201,219,219,314,314,334,4,4,4,14,14,43,43,43,43,61,61,76,95,95,190,190,206,557,141,157,157,157,186,205,205,220,220,220,240,256,256,256],"floor_reached":51,"campfire_rested":3,"playtime":3108,"current_hp_per_floor":[72,72,72,72,62,62,62,46,46,46,46,46,45,45,45,37,80,60,60,60,60,54,54,50,50,50,34,46,46,40,51,51,17,80,62,48,48,30,30,54,25,29,29,24,24,48,42,48,72,19],"items_purged":["Dual Wield"],"gold":256,"score":536,"play_id":"be425996-d45f-43d7-a8ff-8a786959da10","local_time":"20180317032109","is_prod":false,"is_daily":false,"is_ascension_mode":false,"campfire_upgraded":6,"timestamp":1521253269,"path_taken":["M","M","?","M","M","R","?","E","T","M","?","R","E","M","R","BOSS","M","$","?","?","M","R","E","R","T","?","M","?","M","M","R","BOSS","M","?","$","M","?","R","E","?","T","M","?","R","M","M","R","BOSS"],"build_version":"2018-03-01-PROD1","purchased_purges":1,"victory":true,"master_deck":["Strike_R","Strike_R","Strike_R","Defend_R","Defend_R","Bash","Blood for Blood","Flame Barrier","Twin Strike+1","Searing Blow+2","Headbutt","Blood for Blood","Clothesline","Demon Form+1","Parasite","Pain","Writhe","Bludgeon+1","Flex+1","Armaments+1","Pummel+1","Demon Form","Shockwave+1","Immolate+1","Spot Weakness","Pommel Strike","Heavy Blade+1"],"max_hp_per_floor":[80,80,80,80,80,80,80,80,80,80,80,80,80,80,80,80,80,80,80,80,80,80,80,80,80,80,80,80,80,80,80,80,80,80,80,80,80,80,80,80,80,80,80,80,80,80,80,80,80,80],"relics":["Snecko Eye","Ornamental Fan","Torii","Toolbox","Calling Bell","Paper Frog","Omamori","Oddly Smooth Stone","Meat on the Bone","Happy Flower","Gambling Chip","Nilry\u0027s Codex","Astrolabe","Old Coin","Toxic Egg 2","Unceasing Top","Peace Pipe"],"card_choices":[{"not_picked":["Rampage","Bloodletting"],"picked":"Blood for Blood"},{"not_picked":["Perfected Strike","Rage"],"picked":"Flame Barrier"},{"not_picked":["Pommel Strike","Intimidate"],"picked":"Twin Strike"},{"not_picked":["Dual Wield","Armaments"],"picked":"Searing Blow"},{"not_picked":["Armaments","Evolve"],"picked":"Headbutt"},{"not_picked":["Thunderclap","Rage"],"picked":"Blood for Blood"},{"not_picked":["Power Through","Disarm"],"picked":"Clothesline"},{"not_picked":["Berserk","Barricade"],"picked":"Demon Form"},{"not_picked":["Barricade","Reckless Charge"],"picked":"Flex"},{"not_picked":["Battle Trance","Clash"],"picked":"Armaments"},{"not_picked":["Twin Strike","Thunderclap"],"picked":"Pummel"},{"not_picked":["Limit Break","Barricade"],"picked":"Demon Form"},{"not_picked":["Body Slam","Twin Strike"],"picked":"Pommel Strike"},{"not_picked":["Clothesline","Pommel Strike"],"picked":"Heavy Blade"}],"player_experience":21477,"potions_floor_usage":[42,47,48,50],"damage_taken":[{"damage":8.0,"enemies":"Jaw Worm","floor":1.0,"turns":4.0},{"damage":0.0,"enemies":"Cultist","floor":2.0,"turns":2.0},{"damage":0.0,"enemies":"Small Slimes","floor":4.0,"turns":2.0},{"damage":10.0,"enemies":"Gremlin Gang","floor":5.0,"turns":6.0},{"damage":16.0,"enemies":"Gremlin Nob","floor":8.0,"turns":4.0},{"damage":0.0,"enemies":"Red Slaver","floor":10.0,"turns":2.0},{"damage":0.0,"enemies":"3 Louse","floor":11.0,"turns":3.0},{"damage":1.0,"enemies":"3 Sentries","floor":13.0,"turns":6.0},{"damage":0.0,"enemies":"Exordium Thugs","floor":14.0,"turns":3.0},{"damage":24.0,"enemies":"The Guardian","floor":16.0,"turns":7.0},{"damage":21.0,"enemies":"3 Byrds","floor":18.0,"turns":5.0},{"damage":6.0,"enemies":"Shell Parasite","floor":22.0,"turns":2.0},{"damage":16.0,"enemies":"Slavers","floor":24.0,"turns":4.0},{"damage":0.0,"enemies":"Snecko","floor":28.0,"turns":2.0},{"damage":18.0,"enemies":"Slaver and Parasite","floor":30.0,"turns":4.0},{"damage":1.0,"enemies":"Centurion and Healer","floor":31.0,"turns":5.0},{"damage":49.0,"enemies":"Champ","floor":33.0,"turns":5.0},{"damage":18.0,"enemies":"3 Shapes","floor":35.0,"turns":4.0},{"damage":26.0,"enemies":"Sphère mystérieuse","floor":36.0,"turns":3.0},{"damage":30.0,"enemies":"3 Darklings","floor":38.0,"turns":5.0},{"damage":41,"enemies":"2 Orb Walkers","floor":41,"turns":4},{"damage":8,"enemies":"4 Shapes","floor":42,"turns":2},{"damage":17,"enemies":"Sphere and 2 Shapes","floor":44,"turns":3},{"damage":6,"enemies":"3 Darklings","floor":47,"turns":5},{"damage":6,"enemies":"Maw","floor":48,"turns":4},{"damage":65,"enemies":"Donu and Deca","floor":50,"turns":5}],"event_choices":[{"event_name":"The Woman in Blue","player_choice":"Bought 1 Potion","floor":3.0,"damage_taken":0.0},{"event_name":"Purifier","player_choice":"One Purge","floor":7.0,"damage_taken":0.0},{"event_name":"The Lab","player_choice":"Got Potions","floor":20.0,"damage_taken":0.0},{"event_name":"Cursed Tome","player_choice":"Obtained Book","floor":27.0,"damage_taken":0.0},{"event_name":"Beggar","player_choice":"Ignored","floor":29.0,"damage_taken":0.0},{"event_name":"Mysterious Sphere","player_choice":"Fight","floor":36.0,"damage_taken":0.0},{"event_name":"The Moai Head","player_choice":"Ignored","floor":39.0,"damage_taken":0.0},{"event_name":"Match and Keep!","player_choice":"0 cards matched","floor":45,"damage_taken":0}],"boss_relics":[],"potions_floor_spawned":[1,2,10,11,13,16,18,24,33,38,44,47],"seed_played":"7028141399379765109","ascension_level":0,"is_trial":false}