{"path_per_floor":["M","?","?","M","M","E","R","E","T","R","M","$","T","M","R","B",null,"M","?","M","?","M","R","E","R","T","$","M","M","?"],"character_chosen":"IRONCLAD","items_purchased":["Vajra"],"gold_per_floor":[112,62,62,80,90,118,118,143,143,143,161,16,16,31,31,132,132,143,143,155,135,150,150,176,176,176,101,118,133,133],"floor_reached":31,"campfire_rested":5,"playtime":2354,"current_hp_per_floor":[69,69,62,56,49,40,79,12,12,51,46,46,46,40,79,57,81,62,46,44,44,15,56,34,76,76,76,44,10,10],"items_purged":["Strike_R"],"gold":133,"score":331,"play_id":"41137a59-d946-40fe-8d61-471b0d9e0cb9","local_time":"20180325013735","is_prod":false,"is_daily":false,"is_ascension_mode":true,"campfire_upgraded":0,"timestamp":1521938255,"path_taken":["M","?","?","M","M","E","R","E","T","R","M","?","?","M","R","BOSS","M","?","?","?","M","R","E","R","T","?","M","M","?","?"],"build_version":"2018-03-01-PROD1","purchased_purges":1,"victory":false,"master_deck":["Strike_R","Strike_R+1","Strike_R+1","Defend_R+1","Defend_R","Defend_R","Bash","Whirlwind","Whirlwind","Seeing Red","Dropkick","Flex+1","Demon Form","Regret","Doubt","Decay","Inflame","Flex","Inflame+1","Flex"],"max_hp_per_floor":[80,80,80,80,80,80,80,80,80,80,80,80,80,80,80,80,87,87,87,87,87,87,87,90,90,90,90,90,90,90],"relics":["Lizard Tail","Bird Faced Urn","Regal Pillow","Whetstone","Ice Cream","Vajra","Orichalcum","Calling Bell","Strawberry","War Paint","Mercury Hourglass","Nilry\u0027s Codex","Blood Vial","Frozen Eye"],"card_choices":[{"not_picked":["Sword Boomerang","Headbutt"],"picked":"Whirlwind"},{"not_picked":["Flame Barrier","Havoc"],"picked":"Whirlwind"},{"not_picked":["Anger","Iron Wave"],"picked":"Seeing Red"},{"not_picked":["Iron Wave","Searing Blow"],"picked":"Dropkick"},{"not_picked":["Immolate","Rupture"],"picked":"Flex"},{"not_picked":["Berserk","Fiend Fire"],"picked":"Demon Form"},{"not_picked":["Wild Strike","Heavy Blade"],"picked":"Inflame"},{"not_picked":["Clothesline","Iron Wave"],"picked":"Flex"},{"not_picked":["Flex","Feed"],"picked":"Inflame"},{"not_picked":["Anger","Rampage"],"picked":"Flex"}],"player_experience":63644,"potions_floor_usage":[16,16,22,24,24,29,31],"damage_taken":[{"damage":11,"enemies":"2 Louse","floor":1,"turns":3},{"damage":6,"enemies":"Cultist","floor":4,"turns":4},{"damage":7,"enemies":"Jaw Worm","floor":5,"turns":3},{"damage":68,"enemies":"Gremlin Nob","floor":6,"turns":6},{"damage":67,"enemies":"Lagavulin","floor":8,"turns":8},{"damage":5,"enemies":"3 Louse","floor":11,"turns":2},{"damage":6,"enemies":"Exordium Wildlife","floor":14,"turns":2},{"damage":22,"enemies":"Slime Boss","floor":16,"turns":6},{"damage":21,"enemies":"Spheric Guardian","floor":18,"turns":4},{"damage":4,"enemies":"3 Byrds","floor":20,"turns":3},{"damage":31,"enemies":"Centurion and Healer","floor":22,"turns":4},{"damage":25,"enemies":"Slavers","floor":24,"turns":4},{"damage":36,"enemies":"Snake Plant","floor":28,"turns":3},{"damage":38,"enemies":"Slaver and Parasite","floor":29,"turns":5},{"damage":21,"enemies":"Snecko","floor":31,"turns":4}],"event_choices":[{"event_name":"The Cleric","player_choice":"Card Removal","floor":2,"damage_taken":0},{"event_name":"Scrap Ooze","player_choice":"success","floor":3,"damage_taken":7},{"event_name":"Cursed Tome","player_choice":"Obtained Book","floor":19,"damage_taken":0},{"event_name":"The Woman in Blue","player_choice":"Bought 1 Potion","floor":21,"damage_taken":0},{"event_name":"Purifier","player_choice":"One Purge","floor":30,"damage_taken":0}],"boss_relics":[{"not_picked":["Tiny House","Runic Pyramid"],"picked":"Calling Bell"}],"potions_floor_spawned":[5,11,14,18,22,29],"seed_played":"1074323875116626962","killed_by":"Snecko","ascension_level":5,"is_trial":false}