{"path_per_floor":["M","?","T","?","T","R","E","M","T","M","E","M","R","?","R","B",null,"M","?","$","M","?","E","M","R","T","M","$","E","M","?","R","B",null,"M","T","?","?","?","R","$","R","T","T","M","R","$","?","R","B"],"character_chosen":"IRONCLAD","items_purchased":["Matryoshka","Swift Strike","Happy Flower"],"gold_per_floor":[114,114,195,195,221,221,250,261,314,327,355,374,374,374,374,473,503,522,522,192,203,203,234,246,246,272,285,57,87,107,107,107,205,205,216,216,216,216,0,0,0,0,0,26,41,41,41,41,41,41],"floor_reached":51,"campfire_rested":6,"playtime":2499,"current_hp_per_floor":[78,66,66,66,66,80,56,56,56,51,39,35,35,35,59,41,85,82,82,82,85,69,61,35,62,62,62,62,51,46,46,73,6,96,88,88,76,76,76,76,76,96,96,96,70,96,96,96,96,29],"items_purged":["Defend_R"],"gold":41,"score":760,"play_id":"54e50270-e447-4cc0-b3e4-be28ac3726a1","is_prod":false,"is_daily":false,"is_ascension_mode":true,"campfire_upgraded":3,"path_taken":["M","?","?","?","?","R","E","M","T","M","E","M","R","?","R","BOSS","M","?","$","M","?","E","M","R","T","M","$","E","M","?","R","BOSS","M","?","?","?","?","R","$","R","T","?","M","R","?","?","R","BOSS"],"build_version":"2018-02-22-PROD1","purchased_purges":1,"victory":true,"master_deck":["Strike_R+1","Strike_R+1","Strike_R+1","Strike_R+1","Defend_R+1","Defend_R+1","Defend_R+1","Bash+1","Spot Weakness+1","Double Tap+1","Pommel Strike","Reaper+1","Shockwave+1","Swift Strike+1","Clothesline+1","Infernal Blade+1","Offering+1","Clumsy","Inflame","Madness","Battle Trance+1","Thunderclap+1"],"max_hp_per_floor":[80,80,80,80,80,80,80,80,80,80,80,80,80,80,80,80,85,85,85,85,85,90,90,90,90,90,90,90,90,90,90,90,90,96,96,96,96,96,96,96,96,96,96,96,96,96,96,96,96,96],"relics":["Velvet Choker","Juzu Bracelet","Darkstone Periapt","Orichalcum","War Paint","Bronze Scales","Prayer Wheel","Tiny House","Matryoshka","Oddly Smooth Stone","Omamori","Dream Catcher","Happy Flower","Frozen Eye","Calling Bell","Shuriken","Blue Candle","Bag of Preparation","Lantern","Sundial","Red Mask","Peace Pipe","Whetstone"],"card_choices":[{"not_picked":["Shrug It Off","Cleave"],"picked":"Spot Weakness"},{"not_picked":["Metallicize","Perfected Strike"],"picked":"Double Tap"},{"not_picked":["Armaments","Thunderclap"],"picked":"Pommel Strike"},{"not_picked":["Double Tap","Brutality"],"picked":"Reaper"},{"not_picked":["Sentinel","Headbutt"],"picked":"Shockwave"},{"not_picked":["Heavy Blade","Wild Strike"],"picked":"Clothesline"},{"not_picked":["Headbutt","Anger"],"picked":"Infernal Blade"},{"not_picked":["Limit Break","Feed"],"picked":"Offering"},{"not_picked":["Uppercut","Heavy Blade"],"picked":"Inflame"},{"not_picked":["True Grit","Shrug It Off"],"picked":"Battle Trance"},{"not_picked":["Rage","Sever Soul"],"picked":"Thunderclap"}],"player_experience":56584,"potions_floor_usage":[50],"damage_taken":[{"damage":2.0,"enemies":"Jaw Worm","floor":1.0,"turns":3.0},{"damage":24.0,"enemies":"Lagavulin","floor":7.0,"turns":5.0},{"damage":0.0,"enemies":"Small Slimes","floor":8.0,"turns":3.0},{"damage":5.0,"enemies":"2 Louse","floor":10.0,"turns":2.0},{"damage":12.0,"enemies":"Gremlin Nob","floor":11.0,"turns":4.0},{"damage":4.0,"enemies":"Lots of Slimes","floor":12.0,"turns":3.0},{"damage":36.0,"enemies":"Hexaghost","floor":16.0,"turns":7.0},{"damage":3.0,"enemies":"Chosen","floor":18.0,"turns":5.0},{"damage":0.0,"enemies":"3 Byrds","floor":21.0,"turns":3.0},{"damage":26.0,"enemies":"Slavers","floor":23.0,"turns":4.0},{"damage":30.0,"enemies":"Snake Plant","floor":24.0,"turns":4.0},{"damage":18.0,"enemies":"3 Cultists","floor":27.0,"turns":4.0},{"damage":27.0,"enemies":"Gremlin Leader","floor":29.0,"turns":5.0},{"damage":11.0,"enemies":"Snecko","floor":30.0,"turns":4.0},{"damage":79.0,"enemies":"Automaton","floor":33.0,"turns":7.0},{"damage":8.0,"enemies":"Orb Walker","floor":35.0,"turns":3.0},{"damage":26.0,"enemies":"3 Shapes","floor":45.0,"turns":3.0},{"damage":80,"enemies":"Time Eater","floor":50,"turns":10}],"event_choices":[{"event_name":"Scrap Ooze","player_choice":"success","floor":2.0,"damage_taken":12.0},{"event_name":"Upgrade Shrine","player_choice":"Upgraded","floor":4.0,"damage_taken":0.0},{"event_name":"Purifier","player_choice":"One Purge","floor":14.0,"damage_taken":0.0},{"event_name":"Upgrade Shrine","player_choice":"Upgraded","floor":19.0,"damage_taken":0.0},{"event_name":"Forgotten Altar","player_choice":"Shed Blood","floor":22.0,"damage_taken":0.0},{"event_name":"Back to Basics","player_choice":"Simplicity","floor":31.0,"damage_taken":0.0},{"event_name":"Winding Halls","player_choice":"Embrace Madness","floor":37.0,"damage_taken":0.0},{"event_name":"Mysterious Sphere","player_choice":"Ignore","floor":38.0,"damage_taken":0.0},{"event_name":"Tomb of Lord Red Mask","player_choice":"Paid","floor":39.0,"damage_taken":0.0}],"boss_relics":[],"potions_floor_spawned":[7,8,10,11,27,29],"seed_played":"-3379604990299041990","ascension_level":3,"is_trial":false}