{"path_per_floor":["M","?","?","M","M","E","?","M","T","R","E","R","E","?","R","B",null,"M","?","M","$","?","E","$","R","T","E","M","M"],"character_chosen":"IRONCLAD","items_purchased":["Apotheosis","Mind Blast","Inflame"],"gold_per_floor":[112,112,112,122,132,158,158,168,241,241,276,276,305,305,305,403,403,420,420,437,150,150,177,30,30,100,131,149,165],"floor_reached":30,"campfire_rested":4,"playtime":1561,"current_hp_per_floor":[71,71,71,71,64,26,26,25,25,49,41,65,33,33,57,28,67,67,67,67,67,51,51,51,75,75,41,12,2],"items_purged":["Strike_R"],"gold":165,"score":404,"play_id":"312ff8b1-aba3-497e-8559-8a6c5b3a2cb2","local_time":"20180326152425","is_prod":false,"is_daily":false,"is_ascension_mode":true,"campfire_upgraded":0,"timestamp":1522070665,"path_taken":["M","?","?","M","M","E","?","?","T","R","E","R","E","?","R","BOSS","M","?","M","$","?","E","?","R","T","E","M","?","E"],"build_version":"2018-03-01-PROD1","purchased_purges":1,"victory":false,"master_deck":["Strike_R","Strike_R","Strike_R+1","Defend_R","Defend_R","Defend_R","Bash+1","Heavy Blade+1","Exhume","Thunderclap","Whirlwind","Rage","Carnage","Headbutt","Uppercut","Double Tap","Intimidate","Corruption","Metallicize+1","Apotheosis","Mind Blast","Feel No Pain","Inflame","Anger","Blood for Blood+1","Flex"],"max_hp_per_floor":[80,80,80,80,80,80,80,80,80,80,80,80,80,80,80,80,80,80,80,80,80,80,80,80,80,80,80,80,80],"relics":["Velvet Choker","Whetstone","Anchor","Letter Opener","Mummified Hand","Centennial Puzzle","Sozu","Enchiridion","Blue Candle","Darkstone Periapt","Peace Pipe"],"card_choices":[{"not_picked":["Anger","Havoc"],"picked":"Heavy Blade"},{"not_picked":["Wild Strike","Combust"],"picked":"Thunderclap"},{"not_picked":["Wild Strike","True Grit"],"picked":"Whirlwind"},{"not_picked":["Clothesline","Wild Strike"],"picked":"Rage"},{"not_picked":["Metallicize","Power Through"],"picked":"Carnage"},{"not_picked":["Body Slam","Hemokinesis"],"picked":"Headbutt"},{"not_picked":["Sentinel","Sever Soul"],"picked":"Uppercut"},{"not_picked":["Feed","Bludgeon"],"picked":"Double Tap"},{"not_picked":["True Grit","Clothesline"],"picked":"Intimidate"},{"not_picked":["Thunderclap","Anger"],"picked":"Metallicize"},{"not_picked":["Wild Strike","Warcry"],"picked":"Feel No Pain"},{"not_picked":["True Grit","Havoc"],"picked":"Anger"},{"not_picked":["Searing Blow","Heavy Blade"],"picked":"Blood for Blood"},{"not_picked":["Pummel","Feel No Pain"],"picked":"Flex"}],"player_experience":70763,"potions_floor_usage":[6,16,16],"damage_taken":[{"damage":1,"enemies":"Cultist","floor":1,"turns":4},{"damage":0,"enemies":"2 Louse","floor":4,"turns":2},{"damage":7,"enemies":"Jaw Worm","floor":5,"turns":2},{"damage":50,"enemies":"Lagavulin","floor":6,"turns":6},{"damage":1,"enemies":"2 Fungi Beasts","floor":8,"turns":3},{"damage":8,"enemies":"Gremlin Nob","floor":11,"turns":3},{"damage":32,"enemies":"Lagavulin","floor":13,"turns":4},{"damage":44,"enemies":"Hexaghost","floor":16,"turns":8},{"damage":0,"enemies":"3 Byrds","floor":18,"turns":2},{"damage":0,"enemies":"2 Thieves","floor":20,"turns":3},{"damage":0,"enemies":"Gremlin Leader","floor":23,"turns":4},{"damage":34,"enemies":"Book of Stabbing","floor":27,"turns":4},{"damage":29,"enemies":"Slaver and Parasite","floor":28,"turns":5},{"damage":10,"enemies":"Snecko","floor":29,"turns":4},{"damage":10,"enemies":"Slavers","floor":30,"turns":1}],"event_choices":[{"event_name":"Living Wall","player_choice":"Change","floor":2,"damage_taken":0},{"event_name":"Upgrade Shrine","player_choice":"Upgraded","floor":3,"damage_taken":0},{"event_name":"Accursed Blacksmith","player_choice":"Rummage","floor":7,"damage_taken":0},{"event_name":"Purifier","player_choice":"One Purge","floor":14,"damage_taken":0},{"event_name":"The Library","player_choice":"Read","floor":19,"damage_taken":0},{"event_name":"Cursed Tome","player_choice":"Obtained Book","floor":22,"damage_taken":0}],"boss_relics":[{"not_picked":["Question Card","Cursed Key"],"picked":"Sozu"}],"potions_floor_spawned":[4,5,13,20,27,29],"seed_played":"5817061320308266632","killed_by":"Slavers","ascension_level":6,"is_trial":false}