{"path_per_floor":["M","?","M","?","M","E","R","E","T","$","M","M","?","M","R","B",null,"M","?","?","?","$","E","M","R","T","R","M","M","E","$","R","B",null,"M","$","?","M","M","R","M","E","T","M","M","$","?","M","R","B"],"character_chosen":"IRONCLAD","items_purchased":["Inflame","Seeing Red","Bronze Scales","Pummel","Mind Blast"],"gold_per_floor":[116,116,127,127,142,173,173,208,208,59,79,95,95,107,107,205,205,191,191,191,106,30,62,74,74,156,156,172,184,219,119,119,215,215,234,0,0,10,20,20,35,61,61,79,95,1,1,18,18,18],"floor_reached":51,"campfire_rested":6,"playtime":2951,"current_hp_per_floor":[69,57,55,65,66,39,63,30,30,30,37,48,48,54,78,48,74,52,52,59,59,59,73,69,100,100,100,98,94,50,50,82,64,98,91,91,77,56,49,83,49,56,56,46,46,46,46,42,79,22],"items_purged":["Regret","Defend_R"],"gold":18,"score":789,"play_id":"156e3acc-b497-4f6e-9adc-d9da546a1426","local_time":"20180326230200","is_prod":false,"is_daily":false,"is_ascension_mode":true,"campfire_upgraded":1,"timestamp":1522098120,"path_taken":["M","?","?","?","M","E","R","E","T","$","M","M","?","?","R","BOSS","M","?","?","?","?","E","M","R","T","R","?","M","E","$","R","BOSS","M","$","?","M","M","R","M","E","T","M","?","$","?","M","R","BOSS"],"build_version":"2018-03-01-PROD1","purchased_purges":2,"victory":true,"master_deck":["Strike_R","Strike_R","Strike_R","Strike_R","Strike_R","Defend_R","Defend_R","Defend_R","Bash","Rage","Spot Weakness","Pommel Strike","Flex","Whirlwind+1","Inflame","Double Tap","Twin Strike","Exhume","Clumsy","Parasite","Clumsy","Flex+1","Seeing Red+1","Seeing Red+1","Seeing Red+1","Demon Form","Pummel","Madness+1","Madness+1","Mind Blast"],"max_hp_per_floor":[72,72,72,82,82,82,82,82,82,82,82,82,82,82,82,82,82,82,82,89,89,89,105,105,105,105,105,105,107,109,109,109,109,109,111,111,111,113,115,115,117,119,119,121,123,123,123,125,125,125],"relics":["Burning Blood","Ice Cream","Meat on the Bone","Pear","Happy Flower","Centennial Puzzle","Ginger","Calling Bell","Toolbox","Singing Bowl","Vajra","Strawberry","Toxic Egg 2","Mango","Mummified Hand","Shuriken","Sozu","Bronze Scales","Dodecahedron","Girya"],"card_choices":[{"not_picked":["Intimidate","Cleave"],"picked":"Rage"},{"not_picked":["Sword Boomerang","Thunderclap"],"picked":"Spot Weakness"},{"not_picked":["Dual Wield","Iron Wave"],"picked":"Pommel Strike"},{"not_picked":["Heavy Blade","Flame Barrier"],"picked":"Flex"},{"not_picked":["Anger","Evolve"],"picked":"Whirlwind"},{"not_picked":["Perfected Strike","Heavy Blade"],"picked":"Double Tap"},{"not_picked":["Shrug It Off","Anger"],"picked":"Twin Strike"},{"not_picked":["Immolate","Barricade"],"picked":"Exhume"},{"not_picked":["Combust","Body Slam"],"picked":"Flex"},{"not_picked":["Cleave","Armaments"],"picked":"Seeing Red"},{"not_picked":["Iron Wave","Shockwave"],"picked":"Seeing Red"},{"not_picked":["Impervious","Double Tap"],"picked":"Demon Form"}],"player_experience":76111,"potions_floor_usage":[],"damage_taken":[{"damage":9.0,"enemies":"2 Louse","floor":1.0,"turns":2.0},{"damage":8.0,"enemies":"Jaw Worm","floor":3.0,"turns":5.0},{"damage":5.0,"enemies":"Cultist","floor":5.0,"turns":4.0},{"damage":45.0,"enemies":"3 Sentries","floor":6.0,"turns":9.0},{"damage":51.0,"enemies":"Lagavulin","floor":8.0,"turns":7.0},{"damage":11.0,"enemies":"Gremlin Gang","floor":11.0,"turns":3.0},{"damage":7.0,"enemies":"Blue Slaver","floor":12.0,"turns":3.0},{"damage":0.0,"enemies":"Large Slime","floor":14.0,"turns":3.0},{"damage":36.0,"enemies":"Slime Boss","floor":16.0,"turns":7.0},{"damage":28.0,"enemies":"2 Thieves","floor":18.0,"turns":4.0},{"damage":20.0,"enemies":"Slavers","floor":23.0,"turns":2.0},{"damage":10.0,"enemies":"3 Byrds","floor":24.0,"turns":4.0},{"damage":8.0,"enemies":"Snake Plant","floor":28.0,"turns":2.0},{"damage":12.0,"enemies":"Centurion and Healer","floor":29.0,"turns":2.0},{"damage":64.0,"enemies":"Book of Stabbing","floor":30.0,"turns":5.0},{"damage":40.0,"enemies":"Automaton","floor":33.0,"turns":6.0},{"damage":15.0,"enemies":"Orb Walker","floor":35.0,"turns":3.0},{"damage":41.0,"enemies":"3 Shapes","floor":38.0,"turns":4.0},{"damage":33.0,"enemies":"Maw","floor":39.0,"turns":4.0},{"damage":54.0,"enemies":"Sphere and 2 Shapes","floor":41.0,"turns":5.0},{"damage":13.0,"enemies":"Giant Head","floor":42.0,"turns":5.0},{"damage":34.0,"enemies":"3 Darklings","floor":44.0,"turns":3.0},{"damage":20.0,"enemies":"4 Shapes","floor":45.0,"turns":1.0},{"damage":24.0,"enemies":"Maw","floor":48.0,"turns":5.0},{"damage":75,"enemies":"Time Eater","floor":50,"turns":5}],"event_choices":[{"event_name":"Scrap Ooze","player_choice":"success","floor":2.0,"damage_taken":12.0},{"event_name":"Big Fish","player_choice":"Box","floor":4.0,"damage_taken":0.0},{"event_name":"Liars Game","player_choice":"disagreed","floor":13.0,"damage_taken":0.0},{"event_name":"The Lab","player_choice":"Got Potions","floor":19.0,"damage_taken":0.0},{"event_name":"The Mausoleum","player_choice":"Yes","floor":20.0,"damage_taken":0.0},{"event_name":"Addict","player_choice":"Obtained Relic","floor":21.0,"damage_taken":0.0},{"event_name":"Winding Halls","player_choice":"Embrace Madness","floor":37.0,"damage_taken":0.0},{"event_name":"The Moai Head","player_choice":"Ignored","floor":47.0,"damage_taken":0.0}],"boss_relics":[],"potions_floor_spawned":[1,6,11,12,24,30,33,35,38,48],"seed_played":"-4725648852499201573","ascension_level":7,"is_trial":false}