{"path_per_floor":["M","?","M","?","M","R","E","M","T","E","R","M","R","M","R","B",null,"M","M","?","$","T","R","E","R","T","$","?","R","M","$","R","B",null,"M","M","M","?","M","E","R","E","T","?","?","M","M","E","R","B"],"character_chosen":"IRONCLAD","items_purchased":["Letter Opener","Seeing Red","Infernal Blade"],"gold_per_floor":[113,113,130,130,147,147,180,199,225,260,260,280,280,294,294,393,393,410,425,425,29,29,29,56,56,56,56,56,56,73,4,4,105,105,122,142,154,154,168,203,203,228,277,277,277,292,310,337,337,337],"floor_reached":51,"campfire_rested":8,"playtime":3179,"current_hp_per_floor":[78,78,45,45,39,63,39,38,38,13,52,22,61,47,80,38,70,74,64,64,64,64,80,58,58,58,58,42,80,55,55,80,77,79,51,44,31,21,23,47,80,87,87,87,87,77,83,95,95,95],"items_purged":["Strike_R"],"gold":337,"score":875,"play_id":"fcc23ff6-ee96-4872-a3de-f51921661f64","local_time":"20180326161749","is_prod":false,"is_daily":false,"is_ascension_mode":true,"campfire_upgraded":2,"timestamp":1522073869,"path_taken":["M","?","M","?","?","R","E","M","T","E","R","M","R","M","R","BOSS","M","?","?","$","?","R","E","R","T","$","?","R","?","$","R","BOSS","M","?","M","?","M","E","R","E","T","?","?","?","M","E","R","BOSS"],"build_version":"2018-03-01-PROD1","purchased_purges":1,"victory":true,"master_deck":["Strike_R+1","Strike_R","Strike_R","Strike_R","Defend_R","Defend_R+1","Defend_R","Bash","Burning Pact+1","Disarm","Corruption+1","Seeing Red+1","Spot Weakness+1","Limit Break+1","Flame Barrier+1","Shrug It Off+1","Flex+1","Seeing Red+1","Infernal Blade+1","Offering+1","Twin Strike+1","Infernal Blade+1","Anger","Feed","Havoc+1","Flex+1","Seeing Red+1","Perfected Strike","Madness+1","Madness+1","Sever Soul","Dark Embrace","Armaments+1","Whirlwind+1","Body Slam+1"],"max_hp_per_floor":[80,80,80,80,80,80,80,80,80,80,80,80,80,80,80,80,80,80,80,80,80,80,80,80,80,80,80,80,80,80,80,80,80,80,80,80,80,80,80,80,80,87,87,87,87,95,95,95,95,95],"relics":["Burning Blood","Dead Branch","Self Forming Clay","Regal Pillow","Toxic Egg 2","Black Star","Letter Opener","Omamori","Ancient Tea Set","War Paint","Oddly Smooth Stone","Necronomicon","Orrery","Whetstone","Orichalcum","Strawberry","Happy Flower","Singing Bowl","Vajra","Bag of Marbles"],"card_choices":[{"not_picked":["Dual Wield","Evolve"],"picked":"Burning Pact"},{"not_picked":["Pummel","Cleave"],"picked":"Disarm"},{"not_picked":["Berserk","Havoc"],"picked":"Corruption"},{"not_picked":["Sentinel","Infernal Blade"],"picked":"Seeing Red"},{"not_picked":["Reckless Charge","True Grit"],"picked":"Pommel Strike"},{"not_picked":["Cleave","Fiend Fire"],"picked":"Spot Weakness"},{"not_picked":["Reaper","Berserk"],"picked":"Limit Break"},{"not_picked":["Pommel Strike","Burning Pact"],"picked":"Flame Barrier"},{"not_picked":["Battle Trance","Headbutt"],"picked":"Shrug It Off"},{"not_picked":["Immolate","Berserk"],"picked":"Offering"},{"not_picked":["Thunderclap","Cleave"],"picked":"Twin Strike"},{"not_picked":["Blood for Blood","Cleave"],"picked":"Infernal Blade"},{"not_picked":["Headbutt","Wild Strike"],"picked":"Anger"},{"not_picked":["Armaments","Cleave"],"picked":"Feed"},{"not_picked":["Wild Strike","Second Wind"],"picked":"Havoc"},{"not_picked":["Iron Wave","Dropkick"],"picked":"Flex"},{"not_picked":["Shockwave","Second Wind"],"picked":"Seeing Red"},{"not_picked":["Metallicize","Spot Weakness"],"picked":"Perfected Strike"},{"not_picked":["Anger","Heavy Blade"],"picked":"Sever Soul"},{"not_picked":["Wild Strike","Intimidate"],"picked":"Dark Embrace"},{"not_picked":["Rampage","Uppercut"],"picked":"Armaments"},{"not_picked":["Heavy Blade","Thunderclap"],"picked":"Whirlwind"},{"not_picked":["Rampage","Corruption"],"picked":"Body Slam"}],"player_experience":72324,"potions_floor_usage":[10,12,16,16,24,50,50,50],"damage_taken":[{"damage":0,"enemies":"Small Slimes","floor":1,"turns":3},{"damage":39,"enemies":"Cultist","floor":3,"turns":7},{"damage":12,"enemies":"2 Louse","floor":5,"turns":2},{"damage":30,"enemies":"3 Sentries","floor":7,"turns":5},{"damage":7,"enemies":"Red Slaver","floor":8,"turns":2},{"damage":31,"enemies":"Lagavulin","floor":10,"turns":8},{"damage":36,"enemies":"Gremlin Gang","floor":12,"turns":4},{"damage":20,"enemies":"Exordium Thugs","floor":14,"turns":5},{"damage":48,"enemies":"Hexaghost","floor":16,"turns":9},{"damage":8,"enemies":"Chosen","floor":18,"turns":6},{"damage":16,"enemies":"Shell Parasite","floor":19,"turns":3},{"damage":28,"enemies":"Book of Stabbing","floor":24,"turns":5},{"damage":31,"enemies":"Sentry and Sphere","floor":30,"turns":6},{"damage":9,"enemies":"Champ","floor":33,"turns":3},{"damage":34,"enemies":"3 Darklings","floor":35,"turns":3},{"damage":13,"enemies":"Orb Walker","floor":36,"turns":3},{"damage":19,"enemies":"4 Shapes","floor":37,"turns":3},{"damage":4,"enemies":"3 Darklings","floor":39,"turns":2},{"damage":18,"enemies":"Nemesis","floor":40,"turns":5},{"damage":6,"enemies":"2 Orb Walkers","floor":42,"turns":3},{"damage":24,"enemies":"Sphere and 2 Shapes","floor":46,"turns":3},{"damage":0,"enemies":"4 Shapes","floor":47,"turns":1},{"damage":8,"enemies":"Giant Head","floor":48,"turns":2},{"damage":4,"enemies":"Donu and Deca","floor":50,"turns":3}],"event_choices":[{"event_name":"Bonfire Elementals","player_choice":"BASIC","floor":2,"damage_taken":0},{"event_name":"Purifier","player_choice":"One Purge","floor":4,"damage_taken":0},{"event_name":"Match and Keep!","player_choice":"1 cards matched","floor":20,"damage_taken":0},{"event_name":"Cursed Tome","player_choice":"Obtained Book","floor":28,"damage_taken":0},{"event_name":"Winding Halls","player_choice":"Embrace Madness","floor":38,"damage_taken":0},{"event_name":"Mysterious Sphere","player_choice":"Ignore","floor":44,"damage_taken":0}],"boss_relics":[{"not_picked":["Runic Pyramid","Question Card"],"picked":"Black Star"},{"not_picked":["White Beast Statue","Philosopher\u0027s Stone"],"picked":"Orrery"}],"potions_floor_spawned":[1,3,10,14,16,18,19,24,39,42,48],"seed_played":"-6504693654433061743","ascension_level":6,"is_trial":false}